<?xml version="1.0" encoding="UTF-8"?><collection xmlns="http://www.loc.gov/MARC21/slim"><record><leader>00446nam--2200169-u-4500</leader><controlfield tag="001">000056860</controlfield><controlfield tag="002">20200911</controlfield><controlfield tag="005">20200911023217</controlfield><controlfield tag="008">200911s1000------------r-----000-0-eng-d</controlfield><datafield ind1=" " ind2=" " tag="040"><subfield code="a">IFIN-HH</subfield></datafield><datafield ind1="1" ind2=" " tag="041"><subfield code="a">eng</subfield></datafield><datafield ind1="1" ind2=" " tag="100"><subfield code="a">Delion, Doru S</subfield></datafield><datafield ind1="1" ind2="0" tag="245"><subfield code="a">Theory of Particle and Cluster Emission</subfield><subfield code="c">Doru S. Delion</subfield></datafield><datafield ind1=" " ind2=" " tag="260"><subfield code="b">Springer</subfield><subfield code="c">2010</subfield></datafield><datafield ind1=" " ind2=" " tag="500"><subfield code="a">Dinatie Acad. Nicolae Victor Zamfir</subfield></datafield><datafield ind1="1" ind2=" " tag="852"><subfield code="a">82808</subfield><subfield code="c">N.V.Z</subfield></datafield><datafield ind1=" " ind2=" " tag="CAT"><subfield code="a">SYS</subfield><subfield code="c">20200911</subfield><subfield code="h">023217</subfield></datafield></record></collection>